<record><leader>00000cas a22000007a 4500</leader><controlfield tag="001">10786474</controlfield><controlfield tag="008">840530d18241827nhuwr ne      0    0eng d</controlfield><datafield ind1=" " ind2=" " tag="010"><subfield code="a">sn 84023169 </subfield></datafield><datafield ind1=" " ind2=" " tag="040"><subfield code="a">AQM</subfield><subfield code="b">eng</subfield><subfield code="c">AQM</subfield><subfield code="d">OCLCG</subfield><subfield code="d">NHM</subfield><subfield code="d">OCLCQ</subfield><subfield code="d">DLC</subfield><subfield code="d">OCLCF</subfield></datafield><datafield ind1="1" ind2=" " tag="029"><subfield code="a">AU@</subfield><subfield code="b">000025820797</subfield></datafield><datafield ind1=" " ind2=" " tag="042"><subfield code="a">msc</subfield></datafield><datafield ind1=" " ind2=" " tag="043"><subfield code="a">n-us-nh</subfield></datafield><datafield ind1="0" ind2="0" tag="050"><subfield code="a">Newspaper</subfield></datafield><datafield ind1="0" ind2=" " tag="130"><subfield code="a">New Hampshire intelligencer (Haverhill, N.H. : 1824)</subfield></datafield><datafield ind1="1" ind2="0" tag="245"><subfield code="a">New-Hampshire intelligencer.</subfield></datafield><datafield ind1=" " ind2=" " tag="260"><subfield code="a">Haverhill, N.H. :</subfield><subfield code="b">Sylvester T. Goss</subfield></datafield><datafield ind1=" " ind2=" " tag="300"><subfield code="a">v. ;</subfield><subfield code="c">69 cm.</subfield></datafield><datafield ind1=" " ind2=" " tag="310"><subfield code="a">Weekly</subfield></datafield><datafield ind1="1" ind2=" " tag="362"><subfield code="a">Began in 1824.</subfield></datafield><datafield ind1="1" ind2=" " tag="362"><subfield code="a">Ceased in 1827.</subfield><subfield code="z">Cf. Amer. newspapers, 1821-1936.</subfield></datafield><datafield ind1=" " ind2=" " tag="500"><subfield code="a">Editor: S.T. Goss, &lt;1825&gt;-1827.</subfield></datafield><datafield ind1=" " ind2=" " tag="500"><subfield code="a">Publisher: George W. Goss, &lt;1826&gt;.</subfield></datafield><datafield ind1=" " ind2=" " tag="588"><subfield code="a">Description based on: Vol. 4, no. 204 (Oct. 20, 1824).</subfield></datafield><datafield ind1=" " ind2="0" tag="651"><subfield code="a">Haverhill (N.H.)</subfield><subfield code="v">Newspapers.</subfield></datafield><datafield ind1=" " ind2="7" tag="655"><subfield code="a">Newspapers.</subfield><subfield code="2">rbgenr</subfield></datafield><datafield ind1=" " ind2="7" tag="655"><subfield code="a">Newspapers.</subfield><subfield code="2">fast</subfield><subfield code="0">(OCoLC)fst01423814</subfield></datafield><datafield ind1=" " ind2="7" tag="651"><subfield code="a">New Hampshire</subfield><subfield code="z">Haverhill.</subfield><subfield code="2">fast</subfield><subfield code="0">(OCoLC)fst01260463</subfield></datafield><datafield ind1="1" ind2=" " tag="700"><subfield code="a">Goss, Sylvester T.,</subfield><subfield code="d">1798?-1836.</subfield></datafield><datafield ind1=" " ind2=" " tag="752"><subfield code="a">United States</subfield><subfield code="b">New Hampshire</subfield><subfield code="c">Grafton</subfield><subfield code="d">Haverhill.</subfield></datafield><datafield ind1="0" ind2="0" tag="780"><subfield code="t">New-Hampshire intelligencer, and Grafton &amp; Coos advertiser</subfield><subfield code="w">(DLC)sn 84023168</subfield><subfield code="w">(OCoLC)10786252</subfield></datafield></record>